<?xml version="1.0" encoding="UTF-8"?>
<!--
THE MESSAGE WILL WORK “AS IS” IN THE READINESS PORTAL. IT IS ESSENTIAL THAT USERS REMOVE THE ENVELOPE AND REPLACE IT WITH THEIR OWN TRANSPORT HEADER (FOR EXAMPLE FOR ALLIANCE ACCESS YOU WOULD USE THE XML V2 HEADERS).
=========================================================================================================================================================================================
Legal Disclaimer:
SWIFT © 2020. All rights reserved. 
This publication contains SWIFT or third-party confidential information. Do not disclose this publication outside your organisation without SWIFT’s prior written consent.
The use of this document is governed by the legal notices appearing at the end of this document. By using this document, you will be deemed to have accepted those legal notices.
 
=========================================================================================================================================================================================
Use Case p.9.1.1 camt.053 from Creditor's agent to Creditor
========================================================================================================================
Change Log
2020-10-16 - Original version 
=============================
-->
<env:Envelope xmlns:env="urn:swift:xsd:envelope">
<AppHdr xmlns="urn:iso:std:iso:20022:tech:xsd:head.001.001.02">
	<Fr>
		<FIId>
			<FinInstnId>
				<BICFI>NWBKDEFF</BICFI>
			</FinInstnId>
		</FIId>
	</Fr>
	<To>
		<FIId>
			<FinInstnId>
				<BICFI>NWBKGB2L</BICFI>
			</FinInstnId>
		</FIId>
	</To>
	<BizMsgIdr>NWBK202006251212455</BizMsgIdr>
	<MsgDefIdr>camt.054.001.08</MsgDefIdr>
	<BizSvc>swift.cbprplus.01</BizSvc>
	<CreDt>2020-06-25T22:00:41.960+02:00</CreDt>
</AppHdr>
<Document xmlns="urn:iso:std:iso:20022:tech:xsd:camt.053.001.08">
	<BkToCstmrStmt>
		<GrpHdr>
			<MsgId>NWBK202006251212455</MsgId>
			<CreDtTm>2020-06-25T22:00:41.960+02:00</CreDtTm>
			<MsgRcpt>
				<Nm>National Westminster Bank, PLC, London</Nm>
				<Id>
					<OrgId>
						<AnyBIC>NWBKGB2L</AnyBIC>
					</OrgId>
				</Id>
			</MsgRcpt>
			<AddtlInf>/EODY/</AddtlInf>
		</GrpHdr>
		<Stmt>
			<Id>20200625</Id>
			<ElctrncSeqNb>20200625001</ElctrncSeqNb>
			<Acct>
				<Id>
					<Othr>
						<Id>265385644663</Id>
					</Othr>
				</Id>
				<Ccy>EUR</Ccy>
				<Svcr>
					<FinInstnId>
						<BICFI>NWBKDEFF</BICFI>
						<LEI>213800IBT39XQ9C4CP71</LEI>
					</FinInstnId>
				</Svcr>
			</Acct>
			<Bal>
				<Tp>
					<CdOrPrtry>
						<Cd>OPBD</Cd>
					</CdOrPrtry>
				</Tp>
				<Amt Ccy="EUR">4544371000.50</Amt>
				<CdtDbtInd>CRDT</CdtDbtInd>
				<Dt>
					<Dt>2020-06-25</Dt>
				</Dt>
			</Bal>
			<Bal>
				<Tp>
					<CdOrPrtry>
						<Cd>CLBD</Cd>
					</CdOrPrtry>
				</Tp>
				<Amt Ccy="EUR">4551160123.84</Amt>
				<CdtDbtInd>CRDT</CdtDbtInd>
				<Dt>
					<Dt>2020-06-25</Dt>
				</Dt>
			</Bal>
			<Ntry>
				<NtryRef>0001</NtryRef>
				<Amt Ccy="EUR">6789123.34</Amt>
				<CdtDbtInd>CRDT</CdtDbtInd>
				<Sts>
					<Cd>BOOK</Cd>
				</Sts>
				<BookgDt>
					<Dt>2020-06-25</Dt>
				</BookgDt>
				<ValDt>
					<Dt>2020-06-25</Dt>
				</ValDt>
				<AcctSvcrRef>NWCRDT001</AcctSvcrRef>
				<BkTxCd>
					<Domn>
						<Cd>PMNT</Cd>
						<Fmly>
							<Cd>ICDT</Cd>
							<SubFmlyCd>XBCT</SubFmlyCd>
						</Fmly>
					</Domn>
				</BkTxCd>
				<NtryDtls>
					<TxDtls>
						<Refs>
							<AcctSvcrRef>NWCRDT001</AcctSvcrRef>
							<InstrId>ABCD/123/6789012</InstrId>
							<EndToEndId>E2E-123456</EndToEndId>
							<UETR>e7d02a48-f152-4d2d-874c-bd686415f307</UETR>
						</Refs>
						<Amt Ccy="EUR">6789123.34</Amt>
						<CdtDbtInd>DBIT</CdtDbtInd>
						<RltdPties>
							<Dbtr>
								<Agt>
									<FinInstnId>
										<BICFI>ROYCCAT2</BICFI>
									</FinInstnId>
								</Agt>
							</Dbtr>
						</RltdPties>
						<RltdAgts>
							<DbtrAgt>
								<FinInstnId>
									<BICFI>ABNANL2AXXX</BICFI>
								</FinInstnId>
							</DbtrAgt>
						</RltdAgts>
					</TxDtls>
				</NtryDtls>
			</Ntry>
		</Stmt>
	</BkToCstmrStmt>
</Document>
</env:Envelope>