<?xml version="1.0" encoding="UTF-8"?>
<!--
THE MESSAGE WILL WORK “AS IS” IN THE READINESS PORTAL. IT IS ESSENTIAL THAT USERS REMOVE THE ENVELOPE AND REPLACE IT WITH THEIR OWN TRANSPORT HEADER (FOR EXAMPLE FOR ALLIANCE ACCESS YOU WOULD USE THE XML V2 HEADERS).
=========================================================================================================================================================================================
SWIFT © 2020. All rights reserved. 
This publication contains SWIFT or third-party confidential information. Do not disclose this publication outside your organisation without SWIFT’s prior written consent.
The use of this document is governed by the legal notices appearing at the end of this document. By using this document, you will be deemed to have accepted those legal notices. 												

=========================================================================================================================================================================================
Use Case p.5.3.2		Creditor Agent Dellen Private Bank sends a copy of the camt.053 statement to Authorised Party
========================================================================================================================
Change Log
2020-10-16 - Original version 
=============================
-->
<env:Envelope xmlns:env="urn:swift:xsd:envelope">											
	<AppHdr xmlns="urn:iso:std:iso:20022:tech:xsd:head.001.001.02">										
		<Fr>									
			<FIId>								
				<FinInstnId>							
					<BICFI>DELELULL</BICFI>						
				</FinInstnId>							
			</FIId>								
		</Fr>									
		<To>									
			<FIId>								
				<FinInstnId>							
					<BICFI>VDSPBE22</BICFI>						
				</FinInstnId>							
			</FIId>								
		</To>									
		<BizMsgIdr>cmt53bizmsgid001</BizMsgIdr>									
		<MsgDefIdr>camt.053.001.08</MsgDefIdr>									
		<BizSvc>swift.cbprplus.01</BizSvc>									
		<CreDt>2020-08-04T18:00:00+01:00</CreDt>									
	</AppHdr>										
	<Document xmlns="urn:iso:std:iso:20022:tech:xsd:camt.053.001.08">										
		<BkToCstmrStmt>									
			<GrpHdr>								
				<MsgId>cmt53bizmsgid001</MsgId>							
				<CreDtTm>2020-08-04T18:00:00+01:00</CreDtTm>							
			</GrpHdr>								
			<Stmt>								
				<Id>100-01</Id>							
				<StmtPgntn>							
					<PgNb>1</PgNb>						
					<LastPgInd>true</LastPgInd>						
				</StmtPgntn>							
				<CpyDplctInd>COPY</CpyDplctInd>							
				<Acct>							
					<Id>						
						<Othr>					
							<Id>48751258</Id>				
						</Othr>					
					</Id>						
				<Ccy>EUR</Ccy>							
				</Acct>							
				<Bal>							
					<Tp>						
						<CdOrPrtry>					
							<Cd>CLBD</Cd>				
						</CdOrPrtry>					
					</Tp>						
					<Amt Ccy="EUR">54784.56</Amt>						
					<CdtDbtInd>CRDT</CdtDbtInd>						
					<Dt>						
						<Dt>2020-08-04</Dt>					
					</Dt>						
				</Bal>							
				<Ntry>							
					<Amt Ccy="EUR">65124.23</Amt>						
					<CdtDbtInd>DBIT</CdtDbtInd>						
					<Sts>						
						<Cd>BOOK</Cd>					
					</Sts>						
					<BookgDt>						
						<Dt>2020-08-04</Dt>					
					</BookgDt>						
					<ValDt>						
						<Dt>2020-08-04</Dt>					
					</ValDt>						
					<AcctSvcrRef>HSBCREF-125646</AcctSvcrRef>						
					<BkTxCd>						
						<Prtry>					
							<Cd>TXCD</Cd>				
							<Issr>ABANK</Issr>				
						</Prtry>					
					</BkTxCd>						
					<NtryDtls>						
						<TxDtls>					
							<Refs>				
								<AcctSvcrRef>HSBCREF-125646</AcctSvcrRef>			
								<EndToEndId>pacs008EndToEndId-001</EndToEndId>			
								<UETR>02713bdc-7257-4205-aebc-c3cd0a84d9c5</UETR>			
							</Refs>				
							<Amt Ccy="EUR">65124.23</Amt>				
							<CdtDbtInd>CRDT</CdtDbtInd>				
						</TxDtls>					
					</NtryDtls>						
				</Ntry>							
			</Stmt>								
		</BkToCstmrStmt>									
	</Document>										
</env:Envelope>